@inproceedings{Itaietal,
 author = {Itai, Alon and Konheim, Alan G. and Rodeh, Michael},
 title = {A Sparse Table Implementation of Priority Queues},
 booktitle = {Proceedings of the 8th Colloquium on Automata, Languages and Programming},
 year = {1981},
 isbn = {3-540-10843-2},
 pages = {417--431},
 numpages = {15},
} 

@article{Willard,
 author = {Willard, Dan E.},
 title = {A density control algorithm for doing insertions and deletions in a sequentially ordered file in a good worst-case time},
 journal = {Inf. Comput.},
 volume = {97},
 issue = {2},
 month = {April},
 year = {1992},
 issn = {0890-5401},
 pages = {150--204},
 numpages = {55},
 acmid = {162598},
 publisher = {Academic Press, Inc.},
 address = {Duluth, MN, USA},
} 

@article{BenderetalB-Tree,
  author    = {Bender, Michael A. and Demaine, Erik D. and Farach-Colton, Martin },
  title     = {Cache-oblivious {B}-trees},
  journal   = {SIAM J. Comput.},
  volume    = {35},
  year      = {2005},
  pages     = {341-358},
}

@article{BDIW,
title = "A locality-preserving cache-oblivious dynamic dictionary",
journal = "Journal of Algorithms",
volume = "53",
number = "2",
pages = "115 - 136",
year = "2004",
author = {Bender, Michael A. and Duan, Ziyang  and Iacono, John  and Wu, Jing}
}

@article{Franceschini,
 author = {Franceschini, Gianni and Geffert, Viliam},
 title = {An in-place sorting with O(nlog n) comparisons and O(n) moves},
 journal = {J. ACM},
 volume = {52},
 issue = {4},
 month = {July},
 year = {2005},
 pages = {515--537},
 numpages = {23},
 publisher = {ACM},
} 

@inproceedings{Brodaletal,
 author = {Brodal, Gerth St{\o}lting and Fagerberg, Rolf and Jacob, Riko},
 title = {Cache oblivious search trees via binary trees of small height},
 booktitle = {Proceedings of the thirteenth annual ACM-SIAM symposium on Discrete algorithms},
 series = {SODA '02},
 year = {2002},
 isbn = {0-89871-513-X},
 pages = {39--48},
 numpages = {10},
 publisher = {Society for Industrial and Applied Mathematics},
} 

@inproceedings{Benderetal,
 author = {Bender, Michael A. and Cole, Richard and Demaine, Erik D. and Farach-Colton, Martin and Zito, Jack},
 title = {Two Simplified Algorithms for Maintaining Order in a List},
 booktitle = {Proceedings of the 10th Annual European Symposium on Algorithms},
 series = {ESA '02},
 year = {2002},
 isbn = {3-540-44180-8},
 pages = {152--164},
 numpages = {13},
} 

@article{BirdSadnicki,
 author = {Bird, Richard S. and Sadnicki, Stefan},
 title = {Minimal on-line labelling},
 journal = {Inf. Process. Lett.},
 volume = {101},
 issue = {1},
 month = {January},
 year = {2007},
 issn = {0020-0190},
 pages = {41--45},
 numpages = {5},
 acmid = {1276102},
 publisher = {Elsevier North-Holland, Inc.},
 address = {Amsterdam, The Netherlands, The Netherlands},
} 

@article{Dietz-SIAM,
 author = {Dietz, Paul F. and Seiferas, Joel I. and Zhang, Ju},
 title = {A Tight Lower Bound for Online Monotonic List Labeling},
 journal = {SIAM J. Discret. Math.},
 volume = {18},
 issue = {3},
 month = {March},
 year = {2005},
 issn = {0895-4801},
 pages = {626--637},
 numpages = {12},
 publisher = {Society for Industrial and Applied Mathematics},
 address = {Philadelphia, PA, USA},
 } 
 
 
@article{Dietz-manuscript,
 author = {Dietz, Paul F. and Seiferas, Joel I. and Zhang, Ju},
 title = {Lower Bounds for Smooth List Labeling},
 journal = {Manuscript},
 year = {2005},
 } 
 
 
@phdthesis{Zhang,
 author = {Zhang, Ju},
 title = {Density Control and On-Line Labeling Problems},
 school = {University of Rochester},
 year = {1993},
 publisher = {Society for Industrial and Applied Mathematics},
 address = {Rochester, NY, USA},
 } 
 
 @article{Bulaneketal,
 author = {BULANEK TOTO TREBA DOROBIT},
 title = {TODO: Ja ti nevim, ja ti to dodelam POTOM.},
 journal = {Manuscript},
 year = {2011},
 } 


 @article{BulanekKoucky,
 author = {BULANEK TOTO TREBA DOROBIT},
 title = {TODO: Ja ti nevim, ja ti to dodelam POTOM.},
 journal = {Manuscript},
 year = {2011},
 } 
