@Inbook{BBCKS12,
author="Babka, Martin
and Bul{\'a}nek, Jan
and {\v{C}}un{\'a}t, Vladim{\'i}r
and Kouck{\'y}, Michal
and Saks, Michael",
title="On Online Labeling with Polynomially Many Labels",
bookTitle="Algorithms -- ESA 2012: 20th Annual European Symposium, Ljubljana, Slovenia, September 10-12, 2012. Proceedings",
year="2012",
publisher="Springer Berlin Heidelberg",
address="Berlin, Heidelberg",
pages="121--132",
isbn="978-3-642-33090-2",
doi="10.1007/978-3-642-33090-2_12",
url="http://dx.doi.org/10.1007/978-3-642-33090-2_12"
}
%editor="Epstein, Leah
%and Ferragina, Paolo",

%\bibitem{manuscript}
%{Martin Babka, Jan Bul\'{a}nek, Vladim\'{i}r \v{C}un\'{a}t, Michal Kouck\'{y}, and Michael Saks}.
%\newblock On Online Labeling with Superlinearly Many Labels.
%\newblock Manuscript 2012.


@techreport{Bulanek-thesis,
 author = {Bul\'{a}nek, Jan},
 title = {The Online Labeling Problem},
 year = {2014},
 source = {},
 publisher = {Charles University},
 address = {Prague, Czech Republic},
} 

@inproceedings{BKS,
 author = {Bul\'{a}nek, Jan and Kouck\'{y}, Michal and Saks, Michael},
 title = {Tight Lower Bounds for the Online Labeling Problem},
 booktitle = {Proceedings of the Forty-fourth Annual ACM Symposium on Theory of Computing},
 series = {STOC '12},
 year = {2012},
 isbn = {978-1-4503-1245-5},
 location = {New York, New York, USA},
 pages = {1185--1198},
 numpages = {14},
 url = {http://doi.acm.org/10.1145/2213977.2214083},
 doi = {10.1145/2213977.2214083},
 acmid = {2214083},
 publisher = {ACM},
 address = {New York, NY, USA},
 keywords = {file maintenance problem, lower bounds, online labeling},
} 


@article{BKSa,
author = {Jan Bul\'anek and Michal Kouck\'y and Michael Saks},
title = {Tight Lower Bounds for the Online Labeling Problem},
journal = {SIAM Journal on Computing},
volume = {44},
number = {6},
pages = {1765-1797},
year = {2015},
doi = {10.1137/130907653},
URL = { 
    http://dx.doi.org/10.1137/130907653    
},
eprint = { 
    1112.5636
}
}


@Inbook{BKS2,
author="Bul{\'a}nek, Jan
and Kouck{\'y}, Michal
and Saks, Michael",
title="On Randomized Online Labeling with Polynomially Many Labels",
bookTitle="Automata, Languages, and Programming: 40th International Colloquium, ICALP 2013, Riga, Latvia, July 8-12, 2013, Proceedings, Part I",
year="2013",
publisher="Springer Berlin Heidelberg",
address="Berlin, Heidelberg",
pages="291--302",
isbn="978-3-642-39206-1",
doi="10.1007/978-3-642-39206-1_25",
url="http://dx.doi.org/10.1007/978-3-642-39206-1_25"
}
%editor="Fomin, Fedor V.
%and Freivalds, R{\={u}}si{\c{n}}{\v{s}}
%and Kwiatkowska, Marta
%and Peleg, David",

@inproceedings{Benderetal,
 author = {Dietz, P. and Sleator, D.},
 title = {Two Algorithms for Maintaining Order in a List},
 booktitle = {Proceedings of the Nineteenth Annual ACM Symposium on Theory of Computing},
 series = {STOC '87},
 year = {1987},
 isbn = {0-89791-221-7},
 location = {New York, New York, USA},
 pages = {365--372},
 numpages = {8},
 url = {http://doi.acm.org/10.1145/28395.28434},
 doi = {10.1145/28395.28434},
 acmid = {28434},
 publisher = {ACM},
 address = {New York, NY, USA},
} 

@article{BenderetalB-Tree,
 author = {Bender, Michael A. and Demaine, Erik D. and Farach-Colton, Martin},
 title = {Cache-Oblivious B-Trees},
 journal = {SIAM J. Comput.},
 issue_date = {2005},
 volume = {35},
 number = {2},
 month = aug,
 year = {2005},
 issn = {0097-5397},
 pages = {341--358},
 numpages = {18},
 url = {http://dx.doi.org/10.1137/S0097539701389956},
 doi = {10.1137/S0097539701389956},
 acmid = {1093681},
 publisher = {Society for Industrial and Applied Mathematics},
 address = {Philadelphia, PA, USA},
 keywords = {cache efficiency, data structures, memory hierarchy, search trees},
} 

@article{BDIW,
  author    = {Michael A. Bender and
               Ziyang Duan and
               John Iacono and
               Jing Wu},
  title     = {A locality-preserving cache-oblivious dynamic dictionary},
  journal   = {J. Algorithms},
  volume    = {53},
  number    = {2},
  pages     = {115--136},
  year      = {2004},
  url       = {http://dx.doi.org/10.1016/j.jalgor.2004.04.014},
  doi       = {10.1016/j.jalgor.2004.04.014},
  timestamp = {Mon, 31 Oct 2005 12:49:14 +0100},
  biburl    = {http://dblp2.uni-trier.de/rec/bib/journals/jal/BenderDIW04},
  bibsource = {dblp computer science bibliography, http://dblp.org}
}

@inproceedings{Brodaletal,
 author = {Brodal, Gerth St{\o}lting and Fagerberg, Rolf and Jacob, Riko},
 title = {Cache Oblivious Search Trees via Binary Trees of Small Height},
 booktitle = {Proceedings of the Thirteenth Annual ACM-SIAM Symposium on Discrete Algorithms},
 series = {SODA '02},
 year = {2002},
 isbn = {0-89871-513-X},
 location = {San Francisco, California},
 pages = {39--48},
 numpages = {10},
 url = {http://dl.acm.org/citation.cfm?id=545381.545386},
 acmid = {545386},
 publisher = {Society for Industrial and Applied Mathematics},
 address = {Philadelphia, PA, USA},
} 

@article{BirdSadnicki,
 author = {Bird, Richard S. and Sadnicki, Stefan},
 title = {Minimal On-line Labelling},
 journal = {Inf. Process. Lett.},
 issue_date = {16 January 2007},
 volume = {101},
 number = {1},
 month = jan,
 year = {2007},
 issn = {0020-0190},
 pages = {41--45},
 numpages = {5},
 url = {http://dx.doi.org/10.1016/j.ipl.2006.07.011},
 doi = {10.1016/j.ipl.2006.07.011},
 acmid = {1276102},
 publisher = {Elsevier North-Holland, Inc.},
 address = {Amsterdam, The Netherlands, The Netherlands},
 keywords = {algorithms, analysis of algorithms, combinatorial problems},
} 

@book{entropy,
 author = {Cover, Thomas M. and Thomas, Joy A.},
 title = {Elements of Information Theory (Wiley Series in Telecommunications and Signal Processing)},
 year = {2006},
 isbn = {0471241954},
 publisher = {Wiley-Interscience},
} 

@article{DSZ04,
author = {Paul F. Dietz and Joel I. Seiferas and Ju Zhang},
title = {A Tight Lower Bound for Online Monotonic List Labeling},
journal = {SIAM Journal on Discrete Mathematics},
volume = {18},
number = {3},
pages = {626-637},
year = {2004},
doi = {10.1137/S0895480100315808},
URL = { 
        http://dx.doi.org/10.1137/S0895480100315808
},
}
%editor="Schmidt, Erik M.
%and Skyum, Sven",


@techreport{Dietz-manuscript,
 author = {Dietz, Paul F.
and Seiferas, Joel I.
and Zhang, Ju},
 title = {Lower bounds for smooth list labeling.},
 year = {2005},
 institution = {University of Rochester},
 note = {Manuscript, listed in the references of \cite{DSZ04}}
} 

@Inbook{DZ-SWAT,
author="Dietz, Paul F.
and Zhang, Ju",
title="Lower bounds for monotonic list labeling",
bookTitle="SWAT 90: 2nd Scandinavian Workshop on Algorithm Theory Bergen, Sweden, July 11--14, 1990 Proceedings",
year="1990",
publisher="Springer Berlin Heidelberg",
address="Berlin, Heidelberg",
pages="173--180",
isbn="978-3-540-47164-6",
doi="10.1007/3-540-52846-6_87",
url="http://dx.doi.org/10.1007/3-540-52846-6_87"
}
%editor="Gilbert, John R.
%and Karlsson, Rolf",

@Inbook{Emek2009,
author="Emek, Yuval
and Korman, Amos",
editor="Keidar, Idit",
title="New Bounds for the Controller Problem",
bookTitle="Distributed Computing: 23rd International Symposium, DISC 2009, Elche, Spain, September 23-25, 2009. Proceedings",
year="2009",
publisher="Springer Berlin Heidelberg",
address="Berlin, Heidelberg",
pages="22--34",
isbn="978-3-642-04355-0",
doi="10.1007/978-3-642-04355-0_7",
url="http://dx.doi.org/10.1007/978-3-642-04355-0_7"
}


@Article{EK11,
author="Emek, Yuval
and Korman, Amos",
title="New bounds for the controller problem",
journal="Distributed Computing",
year="2011",
volume="24",
number="3",
pages="177--186",
abstract="The (M, W)-controller, originally studied by Afek, Awerbuch, Plotkin, and Saks, is a basic distributed tool that provides an abstraction for managing the consumption of a global resource in a distributed dynamic network. The input to the controller arrives online in the form of requests presented at arbitrary nodes. A request presented at node u corresponds to the ``desire'' of some entity to consume one unit of the global resource at u and the controller should handle this request within finite time either by granting it with a permit or by denying it. Initially, M permits (corresponding to M units of the global resource) are stored at a designated root node. Throughout the execution permits can be transported from place to place along the network's links so that they can be granted to requests presented at various nodes; when a permit is granted to some request, it is eliminated from the network. The fundamental rule of an (M, W)-controller is that a request should not be denied unless it is certain that at least M − W permits are eventually granted. The most efficient (M, W)-controller known to date has message complexity                                                                           {\$}{\$}{\{}O (N{\backslash}log^{\{}2{\}} N {\backslash}log {\backslash}frac{\{}M{\}}{\{}W + 1{\}}){\}}{\$}{\$}                , where N is the number of nodes that ever existed in the network (the dynamic network may undergo node insertions and deletions). In this paper we establish two new lower bounds on the message complexity of the controller problem. We first prove a simple lower bound stating that any (M, W)-controller must send                                                                           {\$}{\$}{\{}{\backslash}Omega (N {\backslash}log {\backslash}frac{\{}M{\}}{\{}W + 1{\}}){\}}{\$}{\$}                 messages. Second, for the important case when W is proportional to M (this is the common case in most applications), we use a surprising reduction from the (centralized) monotonic labeling problem to show that any (M, W)-controller must send $\Omega$(N log N) messages. In fact, under a long lasting conjecture regarding the complexity of the monotonic labeling problem, this lower bound is improved to a tight $\Omega$(N log2                        N). The proof of this lower bound requires that N = O(M) which turns out to be somewhat inevitable due to a new construction of an (M, M/2)-controller with message complexity O(N log2                        M).",
issn="1432-0452",
doi="10.1007/s00446-010-0119-z",
url="http://dx.doi.org/10.1007/s00446-010-0119-z"
}

@Inbook{Itaietal,
author="Itai, Alon
and Konheim, Alan G.
and Rodeh, Michael",
title="A sparse table implementation of priority queues",
bookTitle="Automata, Languages and Programming: Eighth Colloquium Acre (Akko), Israel July 13--17, 1981",
year="1981",
publisher="Springer Berlin Heidelberg",
address="Berlin, Heidelberg",
pages="417--431",
isbn="978-3-540-38745-9",
doi="10.1007/3-540-10843-2_34",
url="http://dx.doi.org/10.1007/3-540-10843-2_34"
}
%editor="Even, Shimon
%and Kariv, Oded",

@inproceedings{Kop12,
 author = {Kopelowitz, Tsvi},
 title = {On-Line Indexing for General Alphabets via Predecessor Queries on Subsets of an Ordered List},
 booktitle = {Proceedings of the 2012 IEEE 53rd Annual Symposium on Foundations of Computer Science},
 series = {FOCS '12},
 year = {2012},
 isbn = {978-0-7695-4874-6},
 pages = {283--292},
 numpages = {10},
 url = {http://dx.doi.org/10.1109/FOCS.2012.79},
 doi = {10.1109/FOCS.2012.79},
 acmid = {2417887},
 publisher = {IEEE Computer Society},
 address = {Washington, DC, USA},
 keywords = {suffix tree, data structures, pattern matching, order-maintenance, predecessor},
} 

@article{Willard,
 author = {Willard, Dan E.},
 title = {A Density Control Algorithm for Doing Insertions and Deletions in a Sequentially Ordered File in a Good Worst-case Time},
 journal = {Inf. Comput.},
 issue_date = {April 1992},
 volume = {97},
 number = {2},
 month = apr,
 year = {1992},
 issn = {0890-5401},
 pages = {150--204},
 numpages = {55},
 url = {http://dx.doi.org/10.1016/0890-5401(92)90034-D},
 doi = {10.1016/0890-5401(92)90034-D},
 acmid = {162598},
 publisher = {Academic Press, Inc.},
 address = {Duluth, MN, USA},
} 

@techreport{Zhang,
 author = {Zhang, Ju},
 title = {Density Control and On-Line Labeling Problems},
 year = {1993},
 institution = {University of Rochester},
 source = {http://www.ncstrl.org:8900/ncstrl/servlet/search?formname=detail\&id=oai%3Ancstrlh%3Arochester_cs%3Ancstrl.rochester_cs%2F%2FTR481},
 publisher = {University of Rochester},
 address = {Rochester, NY, USA},
} 
