@article{DBLP:journals/jcss/CarterW79,
  author    = {Larry Carter and
               Mark N. Wegman},
  title     = {Universal Classes of Hash Functions},
  journal   = {J. Comput. Syst. Sci.},
  volume    = {18},
  number    = {2},
  year      = {1979},
  pages     = {143-154},
  bibsource = {DBLP, http://dblp.uni-trier.de}
}

@article{DBLP:journals/jacm/AlonDMPT99,
  author    = {Noga Alon and
               Martin Dietzfelbinger and
               Peter Bro Miltersen and
               Erez Petrank and
               G{\'a}bor Tardos},
  title     = {Linear Hash Functions},
  journal   = {J. ACM},
  volume    = {46},
  number    = {5},
  year      = {1999},
  pages     = {667-683},
  ee        = {http://doi.acm.org/10.1145/324133.324179},
  bibsource = {DBLP, http://dblp.uni-trier.de}
}

@article{DBLP:journals/acta/BayerM72,
  author    = {Rudolf Bayer and
               Edward M. McCreight},
  title     = {Organization and Maintenance of Large Ordered Indices},
  journal   = {Acta Inf.},
  volume    = {1},
  year      = {1972},
  pages     = {173-189},
  bibsource = {DBLP, http://dblp.uni-trier.de}
}

@inproceedings{DBLP:conf/focs/GuibasS78,
  author    = {Leonidas J. Guibas and
               Robert Sedgewick},
  title     = {A Dichromatic Framework for Balanced Trees},
  booktitle = {FOCS},
  year      = {1978},
  pages     = {8-21},
  crossref  = {DBLP:conf/focs/FOCS19},
  bibsource = {DBLP, http://dblp.uni-trier.de}
}

@article{DBLP:journals/algorithmica/Drmota01,
  author    = {Michael Drmota},
  title     = {An Analytic Approach to the Height of Binary Search Trees},
  journal   = {Algorithmica},
  volume    = {29},
  number    = {1},
  year      = {2001},
  pages     = {89-119},
  ee        = {http://link.springer.de/link/service/journals/00453/contents/00/10055/},
  bibsource = {DBLP, http://dblp.uni-trier.de}
}

@article{DBLP:journals/jal/Devroye85,
  author    = {Luc Devroye},
  title     = {The Expected Length of the Longest Probe Sequence for Bucket
               Searching when the Distribution is Not Uniform},
  journal   = {J. Algorithms},
  volume    = {6},
  number    = {1},
  year      = {1985},
  pages     = {1-9},
  bibsource = {DBLP, http://dblp.uni-trier.de}
}

@proceedings{DBLP:conf/focs/FOCS30,
  title     = {30th Annual Symposium on Foundations of Computer Science,
               30 October-1 November 1989, Research Triangle Park, North
               Carolina, USA},
  booktitle = {FOCS},
  publisher = {IEEE},
  year      = {1989},
  bibsource = {DBLP, http://dblp.uni-trier.de}
}

@article{DBLP:journals/jacm/Gonnet81,
  author    = {Gaston H. Gonnet},
  title     = {Expected Length of the Longest Probe Sequence in Hash Code
               Searching},
  journal   = {J. ACM},
  volume    = {28},
  number    = {2},
  year      = {1981},
  pages     = {289-304},
  ee        = {db/journals/jacm/Gonnet81.html, http://doi.acm.org/10.1145/322248.322254},
  bibsource = {DBLP, http://dblp.uni-trier.de}
}

@proceedings{DBLP:conf/soda/2009,
  editor    = {Claire Mathieu},
  title     = {Proceedings of the Twentieth Annual ACM-SIAM Symposium on
               Discrete Algorithms, SODA 2009, New York, NY, USA, January
               4-6, 2009},
  booktitle = {SODA},
  publisher = {SIAM},
  year      = {2009},
  bibsource = {DBLP, http://dblp.uni-trier.de}
}

@proceedings{DBLP:conf/focs/FOCS20,
  title     = {20th Annual Symposium on Foundations of Computer Science,
               29-31 October 1979, San Juan, Puerto Rico},
  booktitle = {FOCS},
  publisher = {IEEE},
  year      = {1979},
  bibsource = {DBLP, http://dblp.uni-trier.de}
}

@book{DBLP:books/sp/MehlhornS2008,
  author    = {Kurt Mehlhorn and
               Peter Sanders},
  title     = {Algorithms and Data Structures: The Basic Toolbox},
  publisher = {Springer},
  year      = {2008},
  isbn      = {978-3-540-77977-3},
  bibsource = {DBLP, http://dblp.uni-trier.de}
}

@book{DBLP:books/sp/Mehlhorn84,
  author    = {Kurt Mehlhorn},
  title     = {Data Structures and Algorithms 1: Sorting and Searching},
  publisher = {Springer},
  series    = {Monographs in Theoretical Computer Science. An EATCS Series},
  volume    = {1},
  year      = {1984},
  isbn      = {3-540-13302-X},
  ee        = {http://www.mpi-sb.mpg.de/$\sim$mehlhorn/DatAlgbooks.html},
  bibsource = {DBLP, http://dblp.uni-trier.de}
}

@article{Fredman:1984:SST:828.1884,
 author = {Fredman, Michael L. and Koml\'{o}s, J\'{a}nos and Szemer\'{e}di, Endre},
 title = {Storing a Sparse Table with 0(1) Worst Case Access Time},
 journal = {J. ACM},
 volume = {31},
 issue = {3},
 month = {June},
 year = {1984},
 issn = {0004-5411},
 pages = {538--544},
 numpages = {7},
 url = {http://doi.acm.org/10.1145/828.1884},
 doi = {http://doi.acm.org/10.1145/828.1884},
 acmid = {1884},
 publisher = {ACM},
 address = {New York, NY, USA},
}

@book{DBLP:books/aw/AhoSU86,
  author    = {Alfred V. Aho and
               Ravi Sethi and
               Jeffrey D. Ullman},
  title     = {Compilers: Principles, Techniques, and Tools},
  publisher = {Addison-Wesley},
  year      = {1986},
  isbn      = {0-201-10088-6},
  bibsource = {DBLP, http://dblp.uni-trier.de}
}

@inproceedings{DBLP:conf/wdag/HerlihyST08,
  author    = {Maurice Herlihy and
               Nir Shavit and
               Moran Tzafrir},
  title     = {Hopscotch Hashing},
  booktitle = {DISC},
  year      = {2008},
  pages     = {350-364},
  ee        = {http://dx.doi.org/10.1007/978-3-540-87779-0_24},
  crossref  = {DBLP:conf/wdag/2008},
  bibsource = {DBLP, http://dblp.uni-trier.de}
}

@article{DBLP:journals/siamcomp/DietzfelbingerKMHRT94,
  author    = {Martin Dietzfelbinger and
               Anna R. Karlin and
               Kurt Mehlhorn and
               Friedhelm Meyer auf der Heide and
               Hans Rohnert and
               Robert Endre Tarjan},
  title     = {Dynamic Perfect Hashing: Upper and Lower Bounds},
  journal   = {SIAM J. Comput.},
  volume    = {23},
  number    = {4},
  year      = {1994},
  pages     = {738-761},
  bibsource = {DBLP, http://dblp.uni-trier.de}
}

@inproceedings{DBLP:conf/icalp/DietzfelbingerH90,
  author    = {Martin Dietzfelbinger and
               Friedhelm Meyer auf der Heide},
  title     = {A New Universal Class of Hash Functions and Dynamic Hashing
               in Real Time},
  booktitle = {ICALP},
  year      = {1990},
  pages     = {6-19},
  ee        = {http://dx.doi.org/10.1007/BFb0032018},
  crossref  = {DBLP:conf/icalp/1990},
  bibsource = {DBLP, http://dblp.uni-trier.de}
}

@inproceedings{DBLP:conf/esa/PaghR01,
  author    = {Rasmus Pagh and
               Flemming Friche Rodler},
  title     = {Cuckoo Hashing},
  booktitle = {ESA},
  year      = {2001},
  pages     = {121-133},
  ee        = {http://link.springer.de/link/service/series/0558/bibs/2161/21610121.htm},
  crossref  = {DBLP:conf/esa/2001},
  bibsource = {DBLP, http://dblp.uni-trier.de}
}

@inproceedings{DBLP:conf/stoc/AzarBKU94,
  author    = {Yossi Azar and
               Andrei Z. Broder and
               Anna R. Karlin and
               Eli Upfal},
  title     = {Balanced allocations (extended abstract)},
  booktitle = {STOC},
  year      = {1994},
  pages     = {593-602},
  ee        = {http://doi.acm.org/10.1145/195058.195412},
  bibsource = {DBLP, http://dblp.uni-trier.de}
}

@book{Mitzenmacher:2005:PCR:1076315,
 author = {Mitzenmacher, Michael and Upfal, Eli},
 title = {Probability and Computing: Randomized Algorithms and Probabilistic Analysis},
 year = {2005},
 isbn = {0521835402},
 publisher = {Cambridge University Press},
 address = {New York, NY, USA},
}
