%%
%% WinShell 3.3.2.3
%% http://www.winshell.org/
%%

% Strings


% Preamble


% BibTeX Entries
@book{DBLP:books/aw/AhoSU86,
 author               = {Alfred V. Aho and Ravi Sethi and Jeffrey D. Ullman},
 isbn                 = {0-201-10088-6},
 publisher            = {Addison-Wesley},
 title                = {Compilers: Principles, Techniques, and Tools},
 year                 = {1986},
 }

@book{DBLP:books/sp/Mehlhorn84,
 author               = {Kurt Mehlhorn},
 isbn                 = {3-540-13302-X},
 publisher            = {Springer},
 series               = {Monographs in Theoretical Computer Science. An EATCS Series},
 title                = {Data Structures and Algorithms 1: Sorting and Searching},
 volume               = {1},
 year                 = {1984},
 }

@book{DBLP:books/sp/MehlhornS2008,
 author               = {Kurt Mehlhorn and Peter Sanders},
 isbn                 = {978-3-540-77977-3},
 publisher            = {Springer},
 title                = {Algorithms and Data Structures: The Basic Toolbox},
 year                 = {2008},
 }

@inproceedings{DBLP:conf/alenex/ThorupZ10,
 author               = {Mikkel Thorup and Yin Zhang},
 booktitle            = {ALENEX},
 crossref             = {DBLP:conf/alenex/2010},
 pages                = {62-76},
 title                = {Tabulation Based 5-Universal Hashing and Linear Probing},
 year                 = {2010},
 }

@inproceedings{DBLP:conf/esa/PaghR01,
 author               = {Rasmus Pagh and Flemming Friche Rodler},
 booktitle            = {ESA},
 crossref             = {DBLP:conf/esa/2001},
 pages                = {121-133},
 title                = {Cuckoo Hashing},
 year                 = {2001},
 }

@proceedings{DBLP:conf/focs/2010,
 booktitle            = {FOCS},
 isbn                 = {978-0-7695-4244-7},
 publisher            = {IEEE Computer Society},
 title                = {51th Annual IEEE Symposium on Foundations of Computer Science, FOCS 2010, October 23-26, 2010, Las Vegas, Nevada, USA},
 year                 = {2010},
 }

@inproceedings{DBLP:conf/focs/ArbitmanNS10,
 author               = {Yuriy Arbitman and Moni Naor and Gil Segev},
 booktitle            = {FOCS},
 crossref             = {DBLP:conf/focs/2010},
 pages                = {787-796},
 title                = {Backyard Cuckoo Hashing: Constant Worst-Case Operations with a Succinct Representation},
 year                 = {2010},
 }

@proceedings{DBLP:conf/focs/FOCS20,
 booktitle            = {FOCS},
 publisher            = {IEEE},
 title                = {20th Annual Symposium on Foundations of Computer Science, 29-31 October 1979, San Juan, Puerto Rico},
 year                 = {1979},
 }

@proceedings{DBLP:conf/focs/FOCS30,
 booktitle            = {FOCS},
 publisher            = {IEEE},
 title                = {30th Annual Symposium on Foundations of Computer Science, 30 October-1 November 1989, Research Triangle Park, North Carolina, USA},
 year                 = {1989},
 }

@inproceedings{DBLP:conf/focs/GuibasS78,
 author               = {Leonidas J. Guibas and Robert Sedgewick},
 booktitle            = {FOCS},
 crossref             = {DBLP:conf/focs/FOCS19},
 pages                = {8-21},
 title                = {A Dichromatic Framework for Balanced Trees},
 year                 = {1978},
 }

@inproceedings{DBLP:conf/focs/WegmanC79,
 author               = {Mark N. Wegman and Larry Carter},
 booktitle            = {FOCS},
 crossref             = {DBLP:conf/focs/FOCS20},
 pages                = {175-182},
 title                = {New Classes and Applications of Hash Functions},
 year                 = {1979},
 }

@inproceedings{DBLP:conf/icalp/DietzfelbingerH90,
 author               = {Martin Dietzfelbinger and Friedhelm Meyer auf der Heide},
 booktitle            = {ICALP},
 crossref             = {DBLP:conf/icalp/1990},
 pages                = {6-19},
 title                = {A New Universal Class of Hash Functions and Dynamic Hashing in Real Time},
 year                 = {1990},
 }

@proceedings{DBLP:conf/soda/2009,
 booktitle            = {SODA},
 editor               = {Claire Mathieu},
 publisher            = {SIAM},
 title                = {Proceedings of the Twentieth Annual ACM-SIAM Symposium on Discrete Algorithms, SODA 2009, New York, NY, USA, January 4-6, 2009},
 year                 = {2009},
 }

@inproceedings{DBLP:conf/soda/MitzenmacherV08,
 author               = {Michael Mitzenmacher and Salil P. Vadhan},
 booktitle            = {SODA},
 crossref             = {DBLP:conf/soda/2008},
 pages                = {746-755},
 title                = {Why simple hash functions work: exploiting the entropy in a data stream},
 year                 = {2008},
 }

@inproceedings{DBLP:conf/stoc/AzarBKU94,
 author               = {Yossi Azar and Andrei Z. Broder and Anna R. Karlin and Eli Upfal},
 booktitle            = {STOC},
 pages                = {593-602},
 title                = {Balanced allocations (extended abstract)},
 year                 = {1994},
 }

@inproceedings{DBLP:conf/wdag/HerlihyST08,
 author               = {Maurice Herlihy and Nir Shavit and Moran Tzafrir},
 booktitle            = {DISC},
 crossref             = {DBLP:conf/wdag/2008},
 pages                = {350-364},
 title                = {Hopscotch Hashing},
 year                 = {2008},
 }

@article{DBLP:journals/acta/BayerM72,
 author               = {Rudolf Bayer and Edward M. McCreight},
 journal              = {Acta Inf.},
 pages                = {173-189},
 title                = {Organization and Maintenance of Large Ordered Indices},
 volume               = {1},
 year                 = {1972},
 }

@article{DBLP:journals/algorithmica/Drmota01,
 author               = {Michael Drmota},
 journal              = {Algorithmica},
 number               = {1},
 pages                = {89-119},
 title                = {An Analytic Approach to the Height of Binary Search Trees},
 volume               = {29},
 year                 = {2001},
 }

@article{DBLP:journals/jacm/AlonDMPT99,
 author               = {Noga Alon and Martin Dietzfelbinger and Peter Bro Miltersen and Erez Petrank and G{\'a}bor Tardos},
 journal              = {J. ACM},
 number               = {5},
 pages                = {667-683},
 title                = {Linear Hash Functions},
 volume               = {46},
 year                 = {1999},
 }

@article{DBLP:journals/jacm/Gonnet81,
 author               = {Gaston H. Gonnet},
 journal              = {J. ACM},
 number               = {2},
 pages                = {289-304},
 title                = {Expected Length of the Longest Probe Sequence in Hash Code Searching},
 volume               = {28},
 year                 = {1981},
 }

@article{DBLP:journals/jacm/Vocking03,
 author               = {Berthold V{\"o}cking},
 journal              = {J. ACM},
 number               = {4},
 pages                = {568-589},
 title                = {How asymmetry helps load balancing},
 volume               = {50},
 year                 = {2003},
 }

@article{DBLP:journals/jal/Devroye85,
 author               = {Luc Devroye},
 journal              = {J. Algorithms},
 number               = {1},
 pages                = {1-9},
 title                = {The Expected Length of the Longest Probe Sequence for Bucket Searching when the Distribution is Not Uniform},
 volume               = {6},
 year                 = {1985},
 }

@article{DBLP:journals/jcss/CarterW79,
 author               = {Larry Carter and Mark N. Wegman},
 journal              = {J. Comput. Syst. Sci.},
 number               = {2},
 pages                = {143-154},
 title                = {Universal Classes of Hash Functions},
 volume               = {18},
 year                 = {1979},
 }

@article{DBLP:journals/siamcomp/DietzfelbingerKMHRT94,
 author               = {Martin Dietzfelbinger and Anna R. Karlin and Kurt Mehlhorn and Friedhelm Meyer auf der Heide and Hans Rohnert and Robert Endre Tarjan},
 journal              = {SIAM J. Comput.},
 number               = {4},
 pages                = {738-761},
 title                = {Dynamic Perfect Hashing: Upper and Lower Bounds},
 volume               = {23},
 year                 = {1994},
 }

@article{DBLP:journals/siamcomp/PaghP08,
 author               = {Anna Pagh and Rasmus Pagh},
 journal              = {SIAM J. Comput.},
 number               = {1},
 pages                = {85-96},
 title                = {Uniform Hashing in Constant Time and Optimal Space},
 volume               = {38},
 year                 = {2008},
 }

@article{Fredman:1984:SST:828.1884,
 address              = {New York, NY, USA},
 author               = {Fredman, Michael L. and Koml\'{o}s, J\'{a}nos and Szemer\'{e}di, Endre},
 issn                 = {0004-5411},
 journal              = {J. ACM},
 month                = {June},
 pages                = {538--544},
 publisher            = {ACM},
 title                = {Storing a Sparse Table with 0(1) Worst Case Access Time},
 url                  = {http://doi.acm.org/10.1145/828.1884},
 volume               = {31},
 year                 = {1984},
 }

@phdthesis{Malalla:2004:THS:1124034,
 address              = {Montreal, Que., Canada, Canada},
 author               = {Malalla, Ebrahim},
 isbn                 = {0-494-06322-X},
 note                 = {AAINR06322},
 publisher            = {McGill University},
 title                = {Two-way hashing with separate chaining and linear probing},
 year                 = {2004},
 }

@book{Mitzenmacher:2005:PCR:1076315,
 address              = {New York, NY, USA},
 author               = {Mitzenmacher, Michael and Upfal, Eli},
 isbn                 = {0521835402},
 publisher            = {Cambridge University Press},
 title                = {Probability and Computing: Randomized Algorithms and Probabilistic Analysis},
 year                 = {2005},
 }
