@article{DBLP:journals/jcss/CarterW79,
  author    = {Larry Carter and
               Mark N. Wegman},
  title     = {Universal Classes of Hash Functions},
  journal   = {J. Comput. Syst. Sci.},
  volume    = {18},
  number    = {2},
  year      = {1979},
  pages     = {143-154},
  bibsource = {DBLP, http://dblp.uni-trier.de}
}

@article{DBLP:journals/jacm/AlonDMPT99,
  author    = {Noga Alon and
               Martin Dietzfelbinger and
               Peter Bro Miltersen and
               Erez Petrank and
               G{\'a}bor Tardos},
  title     = {Linear Hash Functions},
  journal   = {J. ACM},
  volume    = {46},
  number    = {5},
  year      = {1999},
  pages     = {667-683},
  ee        = {http://doi.acm.org/10.1145/324133.324179},
  bibsource = {DBLP, http://dblp.uni-trier.de}
}

@book{The-art-of-computer-programming,
 author = {Knuth, Donald E.},
 title = {The art of computer programming,  volume 3: (2nd ed.) sorting and searching},
 year = {1998},
 isbn = {0-201-89685-0},
 publisher = {Addison Wesley Longman Publishing Co., Inc.},
 address = {Redwood City, CA, USA},
}

@misc{Universal-hashing,
 author = {Miltersen, Peter B.},
 title = {Universal hashing},
 year = {1998}
}

@article{DBLP:journals/jal/Devroye85,
  author    = {Luc Devroye},
  title     = {The Expected Length of the Longest Probe Sequence for Bucket
               Searching when the Distribution is Not Uniform},
  journal   = {J. Algorithms},
  volume    = {6},
  number    = {1},
  year      = {1985},
  pages     = {1-9},
  bibsource = {DBLP, http://dblp.uni-trier.de}
}

@proceedings{DBLP:conf/focs/FOCS30,
  title     = {30th Annual Symposium on Foundations of Computer Science,
               30 October-1 November 1989, Research Triangle Park, North
               Carolina, USA},
  booktitle = {FOCS},
  publisher = {IEEE},
  year      = {1989},
  bibsource = {DBLP, http://dblp.uni-trier.de}
}

@article{DBLP:journals/jacm/Gonnet81,
  author    = {Gaston H. Gonnet},
  title     = {Expected Length of the Longest Probe Sequence in Hash Code
               Searching},
  journal   = {J. ACM},
  volume    = {28},
  number    = {2},
  year      = {1981},
  pages     = {289-304},
  ee        = {db/journals/jacm/Gonnet81.html, http://doi.acm.org/10.1145/322248.322254},
  bibsource = {DBLP, http://dblp.uni-trier.de}
}

@proceedings{DBLP:conf/soda/2009,
  editor    = {Claire Mathieu},
  title     = {Proceedings of the Twentieth Annual ACM-SIAM Symposium on
               Discrete Algorithms, SODA 2009, New York, NY, USA, January
               4-6, 2009},
  booktitle = {SODA},
  publisher = {SIAM},
  year      = {2009},
  bibsource = {DBLP, http://dblp.uni-trier.de}
}

@book{1200662,
 author = {Hennessy, John L. and Patterson, David A.},
 title = {Computer Architecture, Fourth Edition: A Quantitative Approach},
 year = {2006},
 isbn = {0123704901},
 publisher = {Morgan Kaufmann Publishers Inc.},
 address = {San Francisco, CA, USA},
}

@INPROCEEDINGS{Rubin99virtualcache,
    author = {Shai Rubin and David Bernstein and Michael Rodeh},
    title = {Virtual cache line: A new technique to improve cache exploitation for recursive data structures},
    booktitle = {In Proceedings of the 8th International Conference on Compiler Construction},
    year = {1999},
    pages = {259--273},
    publisher = {Springer}
}

@proceedings{DBLP:conf/focs/FOCS20,
  title     = {20th Annual Symposium on Foundations of Computer Science,
               29-31 October 1979, San Juan, Puerto Rico},
  booktitle = {FOCS},
  publisher = {IEEE},
  year      = {1979},
  bibsource = {DBLP, http://dblp.uni-trier.de}
}

@book{DBLP:books/sp/MehlhornS2008,
  author    = {Kurt Mehlhorn and
               Peter Sanders},
  title     = {Algorithms and Data Structures: The Basic Toolbox},
  publisher = {Springer},
  year      = {2008},
  isbn      = {978-3-540-77977-3},
  bibsource = {DBLP, http://dblp.uni-trier.de}
}

@book{DBLP:books/sp/Mehlhorn84,
  author    = {Kurt Mehlhorn},
  title     = {Data Structures and Algorithms 1: Sorting and Searching},
  publisher = {Springer},
  series    = {Monographs in Theoretical Computer Science. An EATCS Series},
  volume    = {1},
  year      = {1984},
  isbn      = {3-540-13302-X},
  ee        = {http://www.mpi-sb.mpg.de/$\sim$mehlhorn/DatAlgbooks.html},
  bibsource = {DBLP, http://dblp.uni-trier.de}
}

@inproceedings{723912,
 author = {Albers, Susanne and Westbrook, Jeffery},
 title = {Self-Organizing Data Structures},
 booktitle = {Developments from a June 1996 seminar on Online algorithms},
 year = {1998},
 isbn = {3-540-64917-4},
 pages = {13--51},
 publisher = {Springer-Verlag},
 address = {London, UK},
}

@book{DBLP:books/aw/AhoSU86,
  author    = {Alfred V. Aho and
               Ravi Sethi and
               Jeffrey D. Ullman},
  title     = {Compilers: Principles, Techniques, and Tools},
  publisher = {Addison-Wesley},
  year      = {1986},
  isbn      = {0-201-10088-6},
  bibsource = {DBLP, http://dblp.uni-trier.de}
}

@inproceedings{DBLP:conf/wdag/HerlihyST08,
  author    = {Maurice Herlihy and
               Nir Shavit and
               Moran Tzafrir},
  title     = {Hopscotch Hashing},
  booktitle = {DISC},
  year      = {2008},
  pages     = {350-364},
  ee        = {http://dx.doi.org/10.1007/978-3-540-87779-0_24},
  crossref  = {DBLP:conf/wdag/2008},
  bibsource = {DBLP, http://dblp.uni-trier.de}
}

@MISC{Devroye04onworst,
    author = {Luc Devroye and Pat Morin and Alfredo Viola},
    title = {On Worst Case Robin-Hood Hashing },
    year = {2004}
}

@article{10.1109/SFCS.1985.48,
 author = {Pedro Celis and Per-Ake Larson and J. Ian Munro},
 title = {Robin hood hashing},
 journal ={Foundations of Computer Science, Annual IEEE Symposium on},
 volume = {0},
 issn = {0272-5428},
 year = {1985},
 pages = {281-288},
 doi = {http://doi.ieeecomputersociety.org/10.1109/SFCS.1985.48},
 publisher = {IEEE Computer Society},
 address = {Los Alamitos, CA, USA},
}
